% scibib.bib

% This is the .bib file used to compile the document "A simple Science
% template" (scifile.tex).  It is not intended as an example of how to
% set up your BibTeX file.


@book{sauer2012numerical,
  title={Numerical Analysis (2nd)},
  author={Sauer, Timothy},
  year={2012},
  publisher={Addison-Wesley, New Jersey}
}

@book{golub2012matrix,
  title={Matrix computations},
  author={Golub, Gene H and Van Loan, Charles F},
  volume={3},
  year={2012},
  publisher={JHU Press}
}

@misc{morten, note = 
"Hjort-Jensen,M., Spring 2018, Computational Physics, Matrices and linear algebra. Assessible in: 
https://compphysics.github.io/ComputationalPhysicsMSU/doc/web/course."}

@misc{morten2, note = 
"Hjort-Jensen,M., Spring 2018, Computational Physics, Introduction to programming. Assessible in: 
https://compphysics.github.io/ComputationalPhysicsMSU/doc/web/course."}

@article{sanderson2016armadillo,
  title={Armadillo: a template-based C++ library for linear algebra},
  author={Sanderson, Conrad and Curtin, Ryan},
  journal={Journal of Open Source Software},
  year={2016},
  publisher={Journal of Open Source Software}
}










