@Misc{mortenweb,  
howpublished = {\url{https://compphysics.github.io/ComputationalPhysicsMSU/doc/Projects/2018/Project4/QuantumMonteCarlo/html/QuantumMonteCarlo.html}},  
note = {Accessed May. 7, 2018},  
title = {Computational Physics Lectures: Variational Monte Carlo},  
author = {Hjorth-Jensen, Morten}  
}
@article{PhysRevA.48.3561,
  title = {Two electrons in an external oscillator potential: Particular analytic solutions of a Coulomb correlation problem},
  author = {Taut, M.},
  journal = {Phys. Rev. A},
  volume = {48},
  issue = {5},
  pages = {3561--3566},
  numpages = {0},
  year = {1993},
  month = {Nov},
  publisher = {American Physical Society},
  doi = {10.1103/PhysRevA.48.3561},
  url = {https://link.aps.org/doi/10.1103/PhysRevA.48.3561}
}