@Misc{mortenweb,  
howpublished = {\url{https://compphysics.github.io/ComputationalPhysicsMSU/doc/pub/eigvalues/html/eigvalues.html}},  
note = {Accessed Mar 5, 2018},  
title = {Computational Physics Lectures: Eigenvalue problems},  
author = {Hjorth-Jensen, Morten}  
}
@Misc{mortenweb2,  
	howpublished = {\url{https://compphysics.github.io/ComputationalPhysicsMSU/doc/Projects/2018/Project2/html/Project2.html}},  
	note = {Accessed Mar 5, 2018},  
	title = {Project 2},  
	author = {Hjorth-Jensen, Morten}  
}
@book{trefethen1997numerical,
	title={Numerical linear algebra},
	author={Trefethen, Lloyd N and Bau III, David},
	year={1997},
	publisher={Siam}
}
@article{sanderson2016armadillo,
	title={Armadillo: a template-based {C}++ library for linear algebra},
	author={Sanderson, Conrad and Curtin, Ryan},
	journal={Journal of Open Source Software},
	year={2016},
	publisher={Journal of Open Source Software}
}
@Misc{catch2,  
	howpublished = {\url{https://github.com/catchorg/Catch2}},  
	note = {Accessed Mar 5, 2018},  
	title = {GitHub - catchorg/{C}atch2: {A} modern, {C}++-native, header-only, test framework for unit-tests, {TDD} and {BDD} - using {C}++11, {C}++14, {C}++17 and later (or {C}++03 on the {C}atch1.x branch) },  
}
@book{golub2012matrix,
  title={Matrix computations},
  author={Golub, Gene H and Van Loan, Charles F},
  volume={3},
  year={2012},
  publisher={JHU Press}
}
@article{wilkinson1962calculation,
  title={Calculation of the eigenvalues of a symmetric tridiagonal matrix by the method of bisection},
  author={Wilkinson, JH},
  journal={Numerische Mathematik},
  volume={4},
  number={1},
  pages={362--367},
  year={1962},
  publisher={Springer}
}