@Misc{mortenweb,  
howpublished = {\url{https://compphysics.github.io/ComputationalPhysicsMSU/doc/pub/eigvalues/html/eigvalues.html}},  
note = {Accessed Mar. 5, 2018},  
title = {Computational Physics Lectures: Eigenvalue problems},  
author = {Hjorth-Jensen, Morten}  
}
@article{toxvaerd2012energy,
  title={Energy conservation in molecular dynamics simulations of classical systems},
  author={Toxvaerd, S{\o}ren and Heilmann, Ole J and Dyre, Jeppe C},
  journal={The Journal of chemical physics},
  volume={136},
  number={22},
  pages={224106},
  year={2012},
  publisher={AIP}
}
@Misc{ wiki:xxx,
    author = {Wikipedia contributors},
    title = {Two-body problem in general relativity --- Wikipedia{,} The Free Encyclopedia},
    year = {2018},
    url = {https://en.wikipedia.org/w/index.php?title=Two-body_problem_in_general_relativity&oldid=829936202},
    note = {Access Apr. 1, 2018]}
  }
@Misc{NASAdata,  
	howpublished = {\url{https://ssd.jpl.nasa.gov/horizons.cgi#top}},  
	note = {Accessed Apr. 2, 2018},  
	title = {HORIZONS Web-Interface}
}